@incollection{firefly,
	title={Firefly algorithm},
	author={Yang, Xin-She and Slowik, Adam},
	booktitle={Swarm Intelligence Algorithms},
	pages={163--174},
	year={2020},
	publisher={CRC Press}
}

@online{beecolony,
  author = "scholarpedia",
  url = "http://www.scholarpedia.org/article/Artificial_bee_colony_algorithm",
  year = 2010,
  urldate = {2021-07-04}
}

